<?xml version="1.0" encoding="UTF-8"?><collection xmlns="http://www.loc.gov/MARC21/slim"><record><leader>00467nam--2200133-i-4500</leader><controlfield tag="001">000046528</controlfield><controlfield tag="002">20161230</controlfield><controlfield tag="005">20161230201046</controlfield><controlfield tag="008">060222s1000------------r-----000-0-eng-d</controlfield><datafield ind1=" " ind2=" " tag="080"><subfield code="a">541.573:546.289(043)</subfield></datafield><datafield ind1=" " ind2=" " tag="100"><subfield code="a">Ulmet, Pierre</subfield></datafield><datafield ind1=" " ind2=" " tag="245"><subfield code="a">Structure de la bande de valence du germanium soumis a une contrainte unixiale et a un champ magnetique intense. etude par effet shubnikov de haas. these</subfield></datafield><datafield ind1=" " ind2=" " tag="260"><subfield code="a">Toulouse, L`Univ.Paul Sabatier, 1975, 139p</subfield></datafield><datafield ind1=" " ind2=" " tag="852"><subfield code="a">43969</subfield></datafield></record></collection>